@book{Parr13,
  abstract = {Programmers run into parsing problems all the time. Whether it's a data format like JSON, a network protocol like SMTP, a server configuration file for Apache, a PostScript/PDF file, or a simple spreadsheet macro language---ANTLR v4 and this book will demystify the process. ANTLR v4 has been rewritten from scratch to make it easier than ever to build parsers and the language applications built on top. This completely rewritten new edition of the bestselling Definitive ANTLR Reference shows you how to take advantage of these new features.},
  added-at = {2017-07-11T18:56:37.000+0200},
  address = {Raleigh, NC},
  author = {Parr, Terence},
  biburl = {https://www.bibsonomy.org/bibtex/20354054f6d250f56a79fd708c54cf5b6/flint63},
  description = {1. Auflage 2007},
  edition = 2,
  file = {eBook:2013/Parr13.pdf:PDF;Pragmatic Bookshelf Product page:https\://pragprog.com/book/tpantlr2/the-definitive-antlr-4-reference:URL;Amazon Search inside:http\://www.amazon.de/gp/reader/1934356999/:URL;Related Web Site:http\://www.antlr.org/:URL},
  groups = {public},
  interhash = {d00798f134910fec8b9d1df7a0729849},
  intrahash = {0354054f6d250f56a79fd708c54cf5b6},
  isbn = {978-1-93435-699-9},
  keywords = {01841 101 book shelf software development java compiler tool},
  publisher = {Pragmatic Bookshelf},
  timestamp = {2018-04-16T11:40:11.000+0200},
  title = {The Definitive ANTLR 4 Reference},
  url = {https://www.safaribooksonline.com/library/view/the-definitive-antlr/9781941222621/},
  username = {flint63},
  year = 2013
}

@inproceedings{Articolo_resolution,
  author       = {Dirk Pattinson and
                  Nicola Olivetti and
                  Cl{\'{a}}udia Nalon},
  editor       = {Revantha Ramanayake and
                  Josef Urban},
  title        = {Resolution Calculi for Non-normal Modal Logics},
  booktitle    = {Automated Reasoning with Analytic Tableaux and Related Methods - 32nd
                  International Conference, {TABLEAUX} 2023, Prague, Czech Republic,
                  September 18-21, 2023, Proceedings},
  series       = {Lecture Notes in Computer Science},
  volume       = {14278},
  pages        = {322--341},
  publisher    = {Springer},
  year         = {2023},
  url          = {https://doi.org/10.1007/978-3-031-43513-3\_18},
  doi          = {10.1007/978-3-031-43513-3\_18},
  timestamp    = {Wed, 01 Nov 2023 08:59:02 +0100},
  biburl       = {https://dblp.org/rec/conf/tableaux/PattinsonON23.bib},
  bibsource    = {dblp computer science bibliography, https://dblp.org}
}

@book{Liskov,
  author       = {Barbara Liskov and
                  John V. Guttag},
  title        = {Program Development in Java - Abstraction, Specification, and Object-Oriented
                  Design},
  publisher    = {Addison-Wesley},
  year         = {2001},
  isbn         = {978-0-201-65768-5},
  timestamp    = {Thu, 31 Jan 2013 18:02:56 +0100},
  biburl       = {https://dblp.org/rec/books/daglib/0022652.bib},
  bibsource    = {dblp computer science bibliography, https://dblp.org}
}

@misc{Java,
  title        = {Java Programming Language},
  author       = {{Oracle Corporation}},
  howpublished = {\url{https://www.oracle.com/java/}},
  year         = {2024},
}

@misc{logica_prop,
  author       = {Marta Cialdea Mayer},
  title        = {Introduzione alla Logica Proposizionale},
  howpublished = {\url{https://www.inf.uniroma3.it/~cialdea/teaching/pf/materiale/logica.pdf}},
  year         = {2010}
}

@misc{junit5,
  author       = {Kent Beck and Erich Gamma},
  title        = {JUnit 5},
  howpublished = {\url{https://junit.org/junit5/}},
  year         = {2024},
}

@book{res_calculus,
  author       = {Alexander Leitsch},
  title        = {The Resolution Calculus},
  series       = {Texts in Theoretical Computer Science. An {EATCS} Series},
  publisher    = {Springer},
  year         = {1997},
  url          = {https://doi.org/10.1007/978-3-642-60605-2},
  doi          = {10.1007/978-3-642-60605-2},
  isbn         = {978-3-540-61882-9},
  timestamp    = {Tue, 16 May 2017 14:01:41 +0200},
  biburl       = {https://dblp.org/rec/books/daglib/0085625.bib},
  bibsource    = {dblp computer science bibliography, https://dblp.org}
}